<record><leader>00000cas a22000007a 4500</leader><controlfield tag="001">18501904</controlfield><controlfield tag="008">880919d19261933aruwr ne      0    0eng d</controlfield><datafield ind1=" " ind2=" " tag="010"><subfield code="a">sn 88051088 </subfield></datafield><datafield ind1=" " ind2=" " tag="040"><subfield code="a">ANU</subfield><subfield code="b">eng</subfield><subfield code="c">ANU</subfield><subfield code="d">OCLCQ</subfield></datafield><datafield ind1=" " ind2=" " tag="042"><subfield code="a">msc</subfield></datafield><datafield ind1="0" ind2=" " tag="130"><subfield code="a">Mountain air (Saint Paul, Ark. : 1926)</subfield></datafield><datafield ind1="1" ind2="4" tag="245"><subfield code="a">The Mountain air.</subfield></datafield><datafield ind1=" " ind2=" " tag="260"><subfield code="a">St. Paul, Madison County, Ark. :</subfield><subfield code="b">J. White</subfield></datafield><datafield ind1=" " ind2=" " tag="300"><subfield code="a">v.</subfield></datafield><datafield ind1=" " ind2=" " tag="310"><subfield code="a">Weekly</subfield></datafield><datafield ind1="1" ind2=" " tag="362"><subfield code="a">Began in 1926; ceased in 1933.</subfield></datafield><datafield ind1=" " ind2=" " tag="588"><subfield code="a">Description based on: Vol. 32, no. 12 (May 15, 1926).</subfield></datafield><datafield ind1=" " ind2=" " tag="752"><subfield code="a">United States</subfield><subfield code="b">Arkansas</subfield><subfield code="c">Madison</subfield><subfield code="d">Saint Paul.</subfield></datafield><datafield ind1="0" ind2="1" tag="780"><subfield code="t">Madison County record and the mountain air</subfield><subfield code="w">(DLC)sn 88051086</subfield></datafield><datafield ind1="0" ind2="4" tag="785"><subfield code="t">Madison County record (Huntsville, Ark. : 1926)</subfield><subfield code="w">(DLC)sn 88051087</subfield></datafield></record>